@book{incoseHandbook,
  author    = {INCOSE},
  title     = "INCOSE Systems Engineering Handbook: A Guide for System Life Cycle Processes and Activities",
  edition   = {5th},
  year      = {2023},
  publisher = {International Council on Systems Engineering (INCOSE)},
  address   = {San Diego, CA},
  isbn      = {INCOSE-TP-2003-002-05},
  url       = {https://www.incose.org/products-and-publications/se-handbook}
}

@book{sebok2024,
  author = {{SEBoK Editorial Board}},
  title = {The Guide to the Systems Engineering Body of Knowledge (SEBoK)},
  edition = {2.11},
  location = {Hoboken, NJ},
  publisher = {The Trustees of the Stevens Institute of Technology},
  year = {2024},
  note = {Acesso em: 14 jan. 2025. \url{www.sebokwiki.org}. }
}

@misc{sebraeDigitalizacaoProcessos,
  author       = {Sebrae},
  title        = {Como a digitalização de processos impacta os resultados da empresa},
  year         = {2023},
  url          = {https://sebrae.com.br/sites/PortalSebrae/ufs/pe/artigos/como-a-digitalizacao-de-processos-impacta-os-resultados-da-empresa,833be1541664a810VgnVCM1000001b00320aRCRD},
  note         = {Acesso em: 14 jan. 2025}
}

@InProceedings{LowCodeLifeCicle,
  author="Pa{\'{n}}kowska, Ma{\l}gorzata",
  editor="Yang, Xin-She
  and Sherratt, Simon
  and Dey, Nilanjan
  and Joshi, Amit",
  title="Low Code Development Cycle Investigation",
  booktitle="Proceedings of Ninth International Congress on Information and Communication Technology",
  year="2024",
  publisher="Springer Nature Singapore",
  address="Singapore",
  pages="265--275",
  isbn="978-981-97-4581-4"
}

@article{LowCodeExploring, 
  place={Riga, Latvia},
  title={Exploring Low-Code Development: A Comprehensive Literature Review}, 
  url={https://csimq-journals.rtu.lv/csimq/article/view/csimq.2023-36.04}, 
  DOI={10.7250/csimq.2023-36.04},
  author={Rokis, Karlis and Kirikova, Marite},
  year={2023}, month={Oct.}, pages={68–86} 
}

@book{kossiakoff2020systems,
  title     = {Systems Engineering: Principles and Practice},
  author    = {Alexander Kossiakoff and Steven M. Biemer and Samuel J. Seymour and David A. Flanigan},
  year      = {2020},
  edition   = {3rd},
  publisher = {Wiley},
  isbn      = {9781119516668},
  series    = {Wiley Series in Systems Engineering and Management},
  address   = {Hoboken, NJ}
}

@book{schwab2016fourth,
  title={The Fourth Industrial Revolution},
  author={Schwab, Klaus},
  year={2016},
  publisher={Crown Business}
}

@book{brynjolfsson2014second,
  title={The Second Machine Age: Work, Progress, and Prosperity in a Time of Brilliant Technologies},
  author={Brynjolfsson, Erik and McAfee, Andrew},
  year={2014},
  publisher={WW Norton \& Company}
}

@article{jobin2019global,
  title={The global landscape of AI ethics guidelines},
  author={Jobin, Anna and Ienca, Marcello and Vayena, Effy},
  journal={Nature Machine Intelligence},
  volume={1},
  number={9},
  pages={389--399},
  year={2019},
  publisher={Nature Publishing Group}
}

@book{westerman2011digital,
  title={Digital Transformation: A Roadmap for Billion-Dollar Organizations},
  author={Westerman, George and Bonnet, Didier and McAfee, Andrew},
  year={2011},
  publisher={MIT Center for Digital Business}
}

@misc{ellenmacarthur2021circular,
  author = {Ellen MacArthur Foundation},
  title = {Completing the Picture: How the Circular Economy Tackles Climate Change},
  year = {2021},
  note = {\url{https://ellenmacarthurfoundation.org}}
}

@misc{worldbank2019future,
  author = {{World Bank}},
  title = {The Changing Nature of Work: World Development Report 2019},
  year = {2019},
  note = {\url{https://www.worldbank.org/en/publication/wdr2019}}
}

@misc{gartnerLowCode,
  author = {{Gartner}},
  title = {Gartner Forecasts Worldwide Low-Code Development Technologies Market to Grow 23% in 2021},
  year = {2021},
  note = {\url{https://www.gartner.com/en/newsroom/press-releases/2021-02-15-gartner-forecasts-worldwide-low-code-development-technologies-market-to-grow-23-percent-in-2021}}
}

@misc{mcKinseyAutomation,
  author = {{McKinsey Global Institute}},
  title = {A future that works: Automation, employment, and productivity},
  year = {2017},
  note = {\url{https://www.mckinsey.com/featured-insights/digital-disruption/harnessing-automation-for-a-future-that-works}}
}